@INPROCEEDINGS{SuTime,
    author = {Angel X. Chang and Christopher D. Manning},
    title = {SUTIME: A Library for Recognizing and Normalizing Time Expressions},
    booktitle = {In LREC},
    year = {2012}
}

@inproceedings{HeidelTime,
  title={Temporal Tagging on Different Domains: Challenges, Strategies, and Gold Standards},
  author={Jannik Str{\"o}tgen and Michael Gertz},
  booktitle={LREC},
  year={2012}
}

@book{nltk,
  abstract = {This book offers a highly accessible introduction to Natural Language Processing, the field that underpins a variety of language technologies ranging from predictive text and email filtering to automatic summarization and translation. Using NLTK, you'll learn how to write Python programs to analyze the structure and meaning of texts, drawing on techniques from the fields of linguistics and artificial intelligence.},
  added-at = {2016-12-06T16:29:36.000+0100},
  address = {Beijing},
  author = {Bird, Steven and Klein, Ewan and Loper, Edward},
  biburl = {https://www.bibsonomy.org/bibtex/2c90dc59441d01c8bef58a947274164d4/flint63},
  doi = {http://my.safaribooksonline.com/97805},
  file = {O'Reilly eBook:2009/BirdKleinLoper09.pdf:PDF;O'Reilly Product page:http\://shop.oreilly.com/product/9780596516499.do:URL;Related Web Site:http\://www.nltk.org/:URL;Safari:https\://www.safaribooksonline.com/library/view/natural-language-processing/9780596803346/:URL},
  groups = {public},
  interhash = {5408d7da097b9cd81239c238da8bfaf4},
  intrahash = {c90dc59441d01c8bef58a947274164d4},
  isbn = {978-0-596-51649-9},
  keywords = {01841 103 book safari ai software development language processing text python framework},
  publisher = {O'Reilly},
  timestamp = {2018-04-16T12:35:20.000+0200},
  title = {Natural Language Processing with Python: Analyzing Text with the Natural Language Toolkit},
  url = {http://www.nltk.org/book},
  username = {flint63},
  year = 2009
}

@inproceedings{yago,
  author    = {Fabian M. Suchanek and Gjergji Kasneci and Gerhard Weikum},
  title     = {{Yago: A Core of Semantic Knowledge}},
  booktitle = {16th International Conference on the World Wide Web},
  pages     = {697--706},
  year      = {2007}
}

@inproceedings{dbpedia,
 author = {Auer, S\"{o}ren and Bizer, Christian and Kobilarov, Georgi and Lehmann, Jens and Cyganiak, Richard and Ives, Zachary},
 title = {DBpedia: A Nucleus for a Web of Open Data},
 booktitle = {Proceedings of the 6th International The Semantic Web and 2Nd Asian Conference on Asian Semantic Web Conference},
 series = {ISWC'07/ASWC'07},
 year = {2007},
 isbn = {3-540-76297-3, 978-3-540-76297-3},
 location = {Busan, Korea},
 pages = {722--735},
 numpages = {14},
 url = {http://dl.acm.org/citation.cfm?id=1785162.1785216},
 acmid = {1785216},
 publisher = {Springer-Verlag},
 address = {Berlin, Heidelberg},
} 
 isbn = {3-540-76297-3, 978-3-540-76297-3},
 location = {Busan, Korea},
 pages = {722--735},
 numpages = {14},
 url = {http://dl.acm.org/citation.cfm?id=1785162.1785216},
 acmid = {1785216},
 publisher = {Springer-Verlag},
 address = {Berlin, Heidelberg},
} 

@inproceedings{freebase,
 author = {Bollacker, Kurt and Evans, Colin and Paritosh, Praveen and Sturge, Tim and Taylor, Jamie},
 title = {Freebase: A Collaboratively Created Graph Database for Structuring Human Knowledge},
 booktitle = {Proceedings of the 2008 ACM SIGMOD International Conference on Management of Data},
 series = {SIGMOD '08},
 year = {2008},
 isbn = {978-1-60558-102-6},
 location = {Vancouver, Canada},
 pages = {1247--1250},
 numpages = {4},
 url = {http://doi.acm.org/10.1145/1376616.1376746},
 doi = {10.1145/1376616.1376746},
 acmid = {1376746},
 publisher = {ACM},
 address = {New York, NY, USA},
 keywords = {collaborative systems, semantic network, tuple store},
} 

@inproceedings{Kuzey,
 author = {Kuzey, Erdal and Setty, Vinay and Str\"{o}tgen, Jannik and Weikum, Gerhard},
 title = {As Time Goes By: Comprehensive Tagging of Textual Phrases with Temporal Scopes},
 booktitle = {Proceedings of the 25th International Conference on World Wide Web},
 series = {WWW '16},
 year = {2016},
 isbn = {978-1-4503-4143-1},
 location = {Montr\&\#233;al, Qu\&\#233;bec, Canada},
 pages = {915--925},
 numpages = {11},
 url = {https://doi.org/10.1145/2872427.2883055},
 doi = {10.1145/2872427.2883055},
 acmid = {2883055},
 publisher = {International World Wide Web Conferences Steering Committee},
 address = {Republic and Canton of Geneva, Switzerland},
 keywords = {temponym resolution, temporal knowledge, temporal tagging},
} 

@inproceedings{deepdive,
author = {Niu, Feng and Zhang, Ce and W Shavlik, Jude},
year = {2012},
month = {01},
pages = {},
title = {DeepDive: Web-scale Knowledge-base Construction using Statistical Learning and Inference},
volume = {12(1)},
journal = {CEUR Workshop Proceedings}
}

@inproceedings{Mintz,
 author = {Mintz, Mike and Bills, Steven and Snow, Rion and Jurafsky, Dan},
 title = {Distant Supervision for Relation Extraction Without Labeled Data},
 booktitle = {Proceedings of the Joint Conference of the 47th Annual Meeting of the ACL and the 4th International Joint Conference on Natural Language Processing of the AFNLP: Volume 2 - Volume 2},
 series = {ACL '09},
 year = {2009},
 isbn = {978-1-932432-46-6},
 location = {Suntec, Singapore},
 pages = {1003--1011},
 numpages = {9},
 url = {http://dl.acm.org/citation.cfm?id=1690219.1690287},
 acmid = {1690287},
 publisher = {Association for Computational Linguistics},
 address = {Stroudsburg, PA, USA},
} 

@InProceedings{corenlp,
  author = 	"Manning, Christopher
		and Surdeanu, Mihai
		and Bauer, John
		and Finkel, Jenny
		and Bethard, Steven
		and McClosky, David",
  title = 	"The Stanford CoreNLP Natural Language Processing Toolkit",
  booktitle = 	"Proceedings of 52nd Annual Meeting of the Association for Computational      Linguistics: System Demonstrations    ",
  year = 	"2014",
  publisher = 	"Association for Computational Linguistics",
  pages = 	"55--60",
  location = 	"Baltimore, Maryland",
  doi = 	"10.3115/v1/P14-5010",
  url = 	"http://aclweb.org/anthology/P14-5010"
}

